@Article{Mnih2013Playing,
  title={Playing Atari with Deep Reinforcement Learning},
  author={Mnih, Volodymyr and Kavukcuoglu, Koray and Silver, David and Graves, Alex and Antonoglou, Ioannis and Wierstra, Daan and Riedmiller, Martin},
  journal={Computer Science},
  year={2013},
}

@Article{Tsitsiklis2002An,
  title={An analysis of temporal-difference learning with function approximation},
  author={Tsitsiklis, J. N. and Roy, B. Van},
  journal={IEEE Transactions on Automatic Control},
  volume={42},
  number={5},
  pages={674-690},
  year={2002},
}

@Article{Pritzel2017Neural,
  title={Neural Episodic Control},
  author={Pritzel, Alexander and Uria, Benigno and Srinivasan, Sriram and Puigdomènech, Adrià and Vinyals, Oriol and Hassabis, Demis and Wierstra, Daan and Blundell, Charles},
  year={2017},
}

@Article{Blundell2016Model,
  title={Model-Free Episodic Control},
  author={Blundell, Charles and Uria, Benigno and Pritzel, Alexander and Li, Yazhe and Ruderman, Avraham and Leibo, Joel Z and Rae, Jack and Wierstra, Daan and Hassabis, Demis},
  year={2016},
}

@Article{Jaderberg2017Population,
  title={Population Based Training of Neural Networks},
  author={Max, Jaderberg and Valentin, Dalibard and Simon, Osindero and Wojciech, M.Czarnecki and Jeff, Donahue and Ali, Razavi and Oriol, Vinyals and Tim, Green and Iain, Dunning and Karen, Simonyan and Chrisantha, Fernando  and Koray, Kavukcuoglu},
  year={2017},
}

@Article{MnihBMGLHSK16,
  author    = {Volodymyr Mnih and
               Adri{\`{a}} Puigdom{\`{e}}nech Badia and
               Mehdi Mirza and
               Alex Graves and
               Timothy P. Lillicrap and
               Tim Harley and
               David Silver and
               Koray Kavukcuoglu},
  title     = {Asynchronous Methods for Deep Reinforcement Learning},
  journal   = {CoRR},
  volume    = {abs/1602.01783},
  year      = {2016},
  url       = {http://arxiv.org/abs/1602.01783},
  archivePrefix = {arXiv},
  eprint    = {1602.01783},
  timestamp = {Wed, 07 Jun 2017 14:43:09 +0200},
  biburl    = {http://dblp.org/rec/bib/journals/corr/MnihBMGLHSK16},
  bibsource = {dblp computer science bibliography, http://dblp.org}
}
@article{silver2016mastering,
  title={Mastering the game of Go with deep neural networks and tree search},
  author={Silver, David and Huang, Aja and Maddison, Chris J and Guez, Arthur and Sifre, Laurent and Van Den Driessche, George and Schrittwieser, Julian and Antonoglou, Ioannis and Panneershelvam, Veda and Lanctot, Marc and others},
  journal={nature},
  volume={529},
  number={7587},
  pages={484--489},
  year={2016},
  publisher={Nature Research}
}
@article{silver2017mastering,
  title={Mastering the game of go without human knowledge},
  author={Silver, David and Schrittwieser, Julian and Simonyan, Karen and Antonoglou, Ioannis and Huang, Aja and Guez, Arthur and Hubert, Thomas and Baker, Lucas and Lai, Matthew and Bolton, Adrian and others},
  journal={Nature},
  volume={550},
  number={7676},
  pages={354},
  year={2017},
  publisher={Nature Publishing Group}
}