@inproceedings{Ziebart2008Maximum,
  title={Maximum entropy inverse reinforcement learning},
  author={Ziebart, Brian D. and Maas, Andrew and Bagnell, J. Andrew and Dey, Anind K.},
  booktitle={National Conference on Artificial Intelligence},
  pages={1433-1438},
  year={2008},
}
@article{Ho2016Generative,
  title={Generative Adversarial Imitation Learning},
  author={Ho, Jonathan and Ermon, Stefano},
  year={2016},
}
@article{Wulfmeier2015Maximum,
  title={Maximum Entropy Deep Inverse Reinforcement Learning},
  author={Wulfmeier, Markus and Ondruska, Peter and Posner, Ingmar},
  year={2015},
}
@article{Finn2016Guided,
  title={Guided Cost Learning: Deep Inverse Optimal Control via Policy Optimization},
  author={Finn, Chelsea and Levine, Sergey and Abbeel, Pieter},
  pages={49-58},
  year={2016},
}
@article{Finn2016A,
  title={A Connection between Generative Adversarial Networks, Inverse Reinforcement Learning, and Energy-Based Models},
  author={Finn, Chelsea and Christiano, Paul and Abbeel, Pieter and Levine, Sergey},
  year={2016},
}
@article{Baram2017End,
	title={End-to-End Differentiable Adversarial Imitation Learning},
	author={Nir Baram, Oron Anschel, Itai Caspi, Shie Mannor},
	year={2017}
}
@article{Hausman2017Multi,
  title={Multi-Modal Imitation Learning from Unstructured Demonstrations using Generative Adversarial Nets},
  author={Hausman, Karol and Chebotar, Yevgen and Schaal, Stefan and Sukhatme, Gaurav and Lim, Joseph},
  year={2017},
}
@article{Wang2017Robust,
  title={Robust Imitation of Diverse Behaviors},
  author={Wang, Ziyu and Merel, Josh and Reed, Scott and Wayne, Greg and De Freitas, Nando and Heess, Nicolas},
  year={2017},
}